@book{dummit2004abstract,
  title={Abstract algebra},
  author={Dummit, David Steven and Foote, Richard M},
  volume={3},
  year={2004},
  publisher={Wiley Hoboken}
}

@article{lidl1983finite,
  title={Finite fields},
  author={Lidl, Rudolf},
  journal={Encyclopedia of Mathematics and its Applications},
  publisher={Cambridge university press},
  volume={20},
  year={1983}
}
